3364 5356
233 583 291 658 196
774 591 943 642 tonsurus
962 589 1103 642 wrciir
1306 589 1389 634 cir.
1405 589 1436 633 v.

241 767 282 812 Yet
296 767 361 810 inere
374 767 394 811 is
409 779 422 810 a
493 752 674 814 Differencia
690 765 791 811 autem
810 770 919 828 magna
935 763 979 810 est
997 751 1027 808 in
1044 750 1097 810 illo
1115 750 1243 826 vestigio
1267 753 1436 828 exemplato

232 820 436 917 iffflsssseffioe
447 845 486 901 ad
509 843 640 900 sormam
657 839 811 914 trinitatis,
836 858 904 898 cum
929 840 978 898 hic
1001 838 1061 897 sint
1084 842 1143 898 due
1166 853 1283 915 nature,
1307 861 1436 917 quarum

228 925 328 1021 {gliti
340 925 386 969 ΕΜ
402 925 431 968 1¹⁸
446 930 532 1007 prior
548 943 593 987 est
609 942 757 1005 perpetua
773 941 802 986 et
818 927 1009 1003 imperfecta3
1035 930 1169 986 secunda
1193 941 1237 985 est
1260 930 1436 1005 temporalis

288 991 328 1033 ge,
344 985 435 1032 murier,

273 1031 335 1075 form
350 1030 396 1074 and
448 1030 477 1076 et
501 1016 603 1093 priore
626 1015 800 1092 perfeccior.
827 1015 937 1074 Tereia
960 1028 1060 1073 autem
1086 1029 1131 1073 est
1155 1016 1383 1094 perfectissima,
1407 1032 1436 1076 et

237 1083 427 1188 copqqqqqpiqre
447 1105 515 1164 finis
539 1103 706 1181 utriusque.
739 1105 773 1162 In
796 1106 852 1162 hac
875 1117 976 1162 autem
1002 1103 1136 1162 trinitate
1160 1103 1321 1163 benedicta
1343 1106 1460 1164 nichili

234 1187 436 1284 ss{{se,⁰0¹i22f.⁸1¹¹hde
447 1207 491 1252 est
519 1203 627 1252 natura
654 1192 736 1268 prius
760 1204 812 1250 aut
836 1191 1001 1267 posterius;
1034 1191 1128 1249 nichil
1151 1190 1183 1248 iu
1206 1191 1352 1269 bonitate,
1382 1214 1436 1270 po·

376 1271 382 1293 i

233 1291 316 1336 bivine
331 1293 432 1336 Persons
447 1280 546 1339 tencia
562 1293 614 1339 aut
630 1279 804 1352 diiracione,
829 1291 881 1338 aut
904 1279 935 1336 in
950 1279 1072 1351 virtute,
1098 1279 1293 1338 inmensitate
1309 1282 1356 1339 vel
1375 1282 1436 1340 alio

231 1357 270 1387 πθ
284 1345 389 1454 ξῇῗξὲξῃ
406 1345 434 1388 ³¹¹
447 1367 594 1427 attributo
619 1367 714 1442 magis
738 1380 791 1425 aut
815 1367 930 1426 minus:
954 1367 1025 1423 ideo
1046 1365 1152 1424 dicunt
1176 1367 1317 1425 doctores
1340 1369 1436 1427 sancti

239 1450 428 1547 Ati'rfflnlelwi
447 1458 529 1533 quod
558 1475 668 1530 corpus
696 1474 758 1513 non
787 1467 831 1512 est
859 1453 972 1511 trinum
1002 1454 1054 1510 sed
1083 1453 1200 1529 triplex,
1230 1468 1356 1532 propter
1378 1469 1437 1515 ter·

237 1553 363 1650 iplqeteiqlpg
373 1554 431 1651 pmii
447 1544 566 1603 narium
591 1556 779 1620 naturarum,
804 1560 862 1618 que
886 1561 947 1599 non
971 1553 1099 1617 possunt
1123 1560 1187 1599 esse
1211 1541 1242 1600 in
1266 1545 1334 1603 deo.
1368 1547 1436 1602 Non
1451 1561 1481 1595 10

291 1639 296 1660 l

230 1660 289 1707 soni.
305 1660 343 1702 11„
361 1661 436 1715 image
447 1652 518 1707 ergo
536 1641 579 1689 est
595 1650 706 1707 corpus
722 1649 832 1706 ymago
848 1630 895 1687 vel
911 1631 949 1688 ad
972 1629 1146 1704 ymaginem
1171 1629 1327 1701 trinitatis,
1351 1631 1436 1690 sicud

229 1712 427 1809 ohlthishriiiiye'
448 1721 540 1777 homo
564 1718 701 1790 interior,
730 1720 783 1776 sed
806 1715 965 1792 vestigium
990 1716 1143 1790 trinitatiS,
1169 1736 1224 1792 per
1247 1720 1331 1792 quod
1355 1734 1436 1777 recte

269 1777 284 1820 y
400 1779 414 1822 g
430 1797 698 1884 ¹philosophantes
716 1804 879 1863 manuduci
895 1818 1021 1880 possunt
1036 1806 1075 1862 ad
1092 1803 1332 1862 convincendum
1345 1809 1434 1864 deum

448 1913 511 1952 esse
544 1893 658 1951 trinum
692 1906 720 1950 et
753 1912 857 1954 unum.
897 1895 934 1950 Et
963 1892 1005 1950 sic
1029 1905 1158 1967 possunt
1187 1895 1437 1952 demonstrares

244 1991 288 2035 But
303 2005 337 2034 we
350 1993 423 2046 ought
447 1982 533 2057 signo
558 2000 591 2038 ex
615 1980 750 2056 qualibet
774 1992 923 2041 creatura.
963 1982 1051 2038 Unde
1080 1981 1297 2037 contendentes
1325 1980 1356 2038 in
1379 1982 1478 2039 ista15

250 2045 419 2140 Ἶζξξζῖξῖῗηῗῖ
447 2068 644 2127 conclusione
673 2067 825 2143 expediret
853 2067 953 2143 primo
981 2087 998 2125 a
1027 2066 1161 2125 bassiore
1189 2067 1333 2143 incipere,
1362 2082 1396 2125 ut
1419 2088 1437 2127 a

254 2150 415 2246 mapsecrchand
447 2159 533 2232 loyca
566 2159 603 2214 de
635 2155 856 2214 universalibus
885 2168 914 2212 et
939 2156 975 2211 de
998 2155 1142 2229 gradibus
1171 2153 1435 2234 individuacionis,

271 2255 399 2311 gradually.
448 2265 465 2302 a
482 2243 636 2302 sentencia
652 2242 863 2318 philosophica
880 2245 917 2301 de
928 2241 1065 2315 materia,
1084 2242 1192 2312 forma,
1210 2255 1240 2300 et
1254 2242 1434 2318 composito,

448 2353 483 2390 ac
516 2332 611 2390 tercio
645 2330 874 2406 methaphysica
907 2329 983 2388 entis
1015 2328 1046 2386 in
1075 2329 1244 2402 communi,
1277 2350 1346 2388 cum
1371 2331 1435 2389 eius

448 2421 544 2478 tribus
577 2418 663 2496 quasi
693 2416 894 2493 passionibus,
928 2415 1053 2486 scilicet,
1087 2437 1158 2494 uno,
1185 2436 1257 2475 vero
1285 2433 1314 2476 et
1342 2420 1480 2481 bonoso

447 2510 535 2567 Tunc
560 2505 640 2565 enirn
665 2518 764 2564 essent
786 2524 914 2581 capaces
939 2502 1027 2562 huius
1051 2504 1190 2562 doctrine
1213 2505 1382 2582 perspicue.

691 2753 951 2828 CAPITULUM
976 2752 1191 2828 QUINTUM.

274 2953 396 2997 Asecond
492 2948 642 3016 Secundo,
672 2945 879 3020 principaliter
905 2945 1035 3005 instatur
1063 2964 1117 3020 per
1144 2947 1203 3002 hoc
1227 2947 1309 3020 quod
1338 2943 1435 3020 innui,

232 3005 346 3053 obiection
360 3005 379 3049 is
389 3005 438 3049 that
557 3033 562 3043 ·
1214 3031 1220 3044 .
1291 3031 1297 3043 .

250 3057 323 3100 either
337 3065 420 3102 matter
448 3033 616 3109 quamlibet
640 3046 781 3091 naturam
806 3052 984 3107 corpoream
1009 3051 1074 3090 esse
1098 3051 1174 3108 eque
1197 3032 1377 3108 simplicem,
1407 3045 1436 3088 et

237 3109 502 3216 nhidaiiriiciffrirpef
518 3139 704 3196 consequeris
721 3139 777 3177 nec
795 3119 955 3178 materiam
971 3139 1027 3178 nec
1043 3121 1174 3178 formam
1192 3138 1254 3178 esse
1279 3118 1435 3177 distinctas
1448 3123 1479 3173 25

240 3227 276 3258 we
291 3221 354 3258 nusi
369 3215 429 3271 deny
447 3221 571 3266 naturas
603 3207 634 3264 in
665 3226 802 3282 corpore.
842 3208 985 3282 Sequitur
1018 3205 1097 3265 enirn
1131 3206 1325 3282 expositorie:
1363 3206 1436 3264 “illa

230 3267 438 3375 ineeppqqietoqfiqhe
448 3308 557 3353 natura
580 3294 821 3369 singularissima
846 3307 889 3352 est
914 3308 975 3353 tam
1001 3294 1127 3354 materia
1152 3314 1242 3370 quam
1267 3295 1366 3353 forma
1390 3293 1436 3366 (ut

272 3371 401 3428 ⁵5¹¹⁰3l⁸¹¹i
448 3381 587 3458 superius
610 3381 723 3454 innui);
753 3400 823 3458 ergo
849 3381 976 3440 materia
1000 3395 1044 3441 est
1067 3381 1197 3444 sorma.’'
1231 3380 1327 3440 Aliter
1355 3380 1434 3438 enim

449 3469 515 3544 pari
549 3468 703 3527 evidentia
737 3468 890 3527 diceretur
917 3472 1000 3545 quod
1030 3469 1138 3527 nullibi
1161 3470 1241 3527 valet
1263 3467 1435 3543 silogismus

449 3555 662 3632 expositorium
687 3569 716 3614 et
739 3575 792 3631 per
816 3575 1013 3634 consequens,
1037 3577 1106 3615 curn
1124 3557 1179 3614 iste
1195 3556 1233 3615 sit
1250 3555 1434 3632 principium
1448 3559 1481 3609 30

449 3643 604 3719 sylogismi
633 3645 664 3701 in
692 3643 824 3716 veritate,
857 3643 970 3719 periret
998 3643 1097 3703 omnis
1125 3645 1225 3703 forma
1252 3641 1435 3719 sylogistica.

500 3857 523 3898 4.
538 3845 580 3889 Illa
590 3857 637 3901 pro
651 3845 722 3905 tercia
735 3847 765 3889 Α.
817 3859 840 3906 7.
855 3845 1002 3890 inmensitate
1015 3846 1079 3890 deest
1092 3844 1184 3892 ABCD.
1206 3899 1211 3905 ,
1240 3845 1268 3890 ι5.
1283 3845 1436 3889 concedentes

448 3898 518 3943 ABG.
582 3898 614 3940 16.
634 3897 710 3941 altiori
727 3900 761 3952 Α;
780 3898 859 3942 alciori
878 3899 907 3951 B;
923 3899 1052 3943 abbrssiori
1071 3899 1102 3953 (ἒς
1122 3899 1150 3942 ab
1169 3899 1248 3942 alciori
1267 3897 1295 3940 D.
1359 3897 1387 3942 18.
1408 3898 1436 3940 de

449 3949 599 4010 deertACD.
653 3962 689 4010 ato.
704 3951 870 4010 communibus
882 3963 927 4005 pro
937 3951 1004 4006 quasi
1019 3952 1067 4013 Bl).
1120 3963 1151 3995 ai.
1167 3950 1223 4013 Cap.
1234 3951 1309 4012 §next
1317 3949 1365 3993 line
1372 3947 1437 4045 ager

450 4003 566 4046 doctrine:
582 4003 709 4057 quamlibet
723 4014 845 4059 perspicue
859 4011 966 4048 naturam
981 4004 1014 4054 D:
1038 4016 1061 4047 in
1076 4015 1153 4059 niarg.
1172 4016 1196 4046 in
1211 4003 1255 4047 red
1267 4003 1308 4046 mk
1322 4002 1371 4045 Boh
1390 4050 1395 4063 Ι
1408 4014 1437 4058 ay

452 4053 597 4110 Wuclefowy
607 4054 706 4098 nebeslie
716 4055 875 4106 liralewstwve
884 4059 911 4100 Α.
966 4067 1000 4100 22.
1011 4055 1143 4110 Capitulum
1154 4055 1261 4110 quintum
1272 4054 1350 4098 deest:
1358 4054 1438 4097 initiat

450 4107 509 4152 Sin
530 4106 573 4150 red
590 4107 630 4151 inii
649 4106 696 4150 AB.
756 4105 789 4150 23.
809 4103 866 4152 invi‘
881 4108 914 4160 C;
933 4107 1038 4152 innuitur
1056 4107 1104 4152 BD.
1162 4120 1196 4164 27.
1217 4105 1388 4162 simplicissima
1407 4106 1435 4149 D.

449 4159 484 4204 28.
508 4158 613 4255 iqpuitur
636 4158 704 4202 BCD.
778 4157 808 4203 31.
823 4159 846 4203 in
861 4172 916 4203 vero
934 4162 969 4213 Α;
993 4161 1094 4216 quelibet
1116 4172 1157 4216 per
1180 4171 1324 4214 consequens
1344 4169 1390 4214 pro
1413 4157 1436 4200 in

449 4223 505 4255 vero
542 4242 547 4252 .

504 4319 544 4369 30.
564 4317 623 4368 The
642 4318 809 4384 expositorial
829 4319 966 4386 syllogism
984 4319 1033 4369 has
1052 4321 1086 4371 all
1105 4321 1138 4370 its
1155 4327 1236 4370 terms
1249 4319 1372 4386 singular,
1391 4317 1436 4368 the

450 4387 550 4439 middle
568 4397 635 4438 term
653 4387 751 4454 having
769 4388 813 4439 the
833 4389 910 4456 force,
933 4389 1037 4456 though
1056 4399 1103 4440 not
1120 4389 1165 4440 the
1183 4389 1259 4451 form,
1284 4388 1315 4438 of
1330 4389 1435 4438 univer·

450 4458 536 4524 sality.
564 4457 652 4509 Thus:
674 4457 735 4510 iliis
755 4473 816 4508 man
836 4460 857 4510 is
877 4460 952 4510 Lord
969 4460 1122 4523 Sabis
1148 4458 1207 4511 liris
1227 4473 1288 4508 man
1308 4459 1330 4510 is
1347 4457 1437 4508 Prime

451 4529 572 4579 minister
590 4530 624 4594 os
634 4527 773 4594 Englandi
791 4529 865 4580 Lord
877 4529 1023 4594 Salisbury
1040 4531 1063 4581 is
1075 4530 1165 4582 Prime
1184 4529 1303 4580 minister
1320 4527 1351 4593 os
1361 4527 1435 4594 Eng-
