3404 5386
264 585 332 630 CAP.
347 586 363 626 l.
584 592 627 640 DE
649 590 797 642 ACTIBUS
818 592 933 641 ΑΝΙΜΕ.
1432 601 1466 658 ¹7

263 752 349 810 litum
373 751 563 826 splendidum
589 752 633 808 vel
657 751 835 808 excellenter
859 753 1038 822 coloratum,
1064 753 1140 809 foret
1164 765 1249 809 actus
1278 764 1325 807 Not
1340 765 1396 818 tess;
1414 767 1450 810 for

263 839 384 896 videndi
412 838 578 914 remissior,
611 838 682 912 quia
706 850 821 895 certum
847 851 891 896 est
919 839 1085 896 secundum
1111 857 1249 914 perspec·
1294 817 1429 924 tlgss’ffly‘*

263 927 338 985 tivos
361 940 391 984 et
414 924 617 1000 experiencias
640 927 722 999 quod
746 926 849 982 lumen
873 926 950 982 forte
974 925 1005 982 in
1027 925 1136 983 talibus
1154 927 1248 983 multa
1273 922 1452 1029 gglzcfflquvffi

263 1013 390 1071 visibilia
419 1013 551 1070 occultat
580 1025 609 1068 et
632 1011 777 1068 visionem
807 1013 974 1072 confundit.
1012 1015 1049 1068 Et
1077 1031 1146 1070 cunr
1174 1026 1467 1070 vrsroorcolourwoutd

240 1103 307 1157 iest
330 1100 485 1170 intensior,
519 1099 604 1156 sicud
628 1112 711 1172 patet
734 1117 768 1156 ex
791 1098 854 1155 eius
878 1099 947 1156 forti
978 1099 1187 1174 impressione,
1221 1113 1249 1157 et
1269 1079 1455 1186 d„,i{,}'f}’',‘„„

263 1189 299 1244 de
323 1187 439 1245 actibus
463 1185 713 1261 apprehendendi
737 1185 931 1258 universalia,
960 1200 1004 1244 est
1029 1187 1128 1244 maior
1151 1183 1469 1287 color31hgge³3¹29hdigfflss

263 1293 331 1330 nam
357 1274 613 1348 apprehendendo
637 1272 764 1346 figuram
789 1273 820 1330 in
844 1273 998 1330 communi
1022 1276 1077 1331 sub
1097 1275 1192 1347 gradu
1216 1287 1249 1330 ut
1293 1287 1435 1347 contradicts

264 1374 342 1430 oct0,
367 1374 449 1435 patet
473 1362 555 1435 quod
572 1359 768 1434 percipiendo
785 1374 886 1435 partes
910 1360 1073 1418 intensivas
1097 1374 1181 1418 actus
1203 1362 1249 1418 vel
1293 1351 1436 1392 experrence.

263 1450 301 1504 ad
332 1447 447 1522 species
478 1448 525 1504 vel
556 1449 596 1504 ad
629 1445 783 1504 individua
817 1447 897 1503 illius
930 1447 1048 1521 generis
1083 1450 1249 1506 secundum

224 1535 384 1610 roequales
419 1548 446 1590 et
479 1532 691 1608 appropriatas
724 1534 951 1608 proporcioneS,
984 1536 1031 1592 vel
1064 1535 1140 1592 foret
1168 1547 1249 1591 totus

263 1634 347 1679 actus
363 1619 514 1678 inlinitum
533 1619 679 1690 intensus,
704 1622 749 1677 vel
767 1621 900 1696 quelibet
916 1621 985 1678 talis
1001 1641 1071 1697 pars
1095 1621 1249 1678 inlinitum

262 1707 396 1768 remissa.
428 1710 490 1765 Nec
514 1708 592 1764 valet
615 1707 714 1765 dicere
739 1710 820 1782 quod
844 1708 977 1783 quelibet
1001 1728 1070 1783 pars
1094 1722 1179 1766 actus
1204 1728 1250 1766 ex-

261 1795 404 1866 tenditur,
421 1794 505 1852 sicud
522 1796 559 1851 ad
577 1813 698 1851 omnem
716 1795 847 1869 speciem
865 1797 911 1852 vel
927 1795 1115 1853 individuum
1141 1796 1250 1870 figure;

263 1897 325 1940 turn
351 1882 423 1956 quia
446 1895 518 1939 tunc
542 1901 603 1938 non
628 1881 884 1955 distinguerentur
907 1901 998 1957 penes
1027 1883 1156 1953 obiecta,
1185 1897 1249 1940 tum

223 1970 332 2044 riquia
355 1983 428 2027 tunc
451 1987 513 2025 non
542 1968 694 2025 confusius
723 1968 915 2042 signarentur
943 1973 999 2027 sub
1022 1969 1159 2044 partibus
1183 1989 1250 2044 par-

261 2056 386 2114 cialibus
410 2056 527 2114 actibus
543 2074 635 2130 quam
658 2055 811 2132 totalibus,
836 2075 903 2113 cum
922 2056 1074 2113 inlinitum
1096 2057 1250 2114 confusius

152 2145 180 2194 F.
196 2147 240 2197 ir·
260 2142 416 2217 signantur
440 2143 491 2200 illa
514 2161 605 2218 quam
629 2160 722 2216 genus
745 2143 896 2216 signatum
918 2138 922 2225 Ι
944 2146 1038 2218 gradu
1063 2157 1095 2200 ut
1119 2157 1198 2202 octo.

303 2230 457 2299 Similiter,
481 2229 506 2286 si
530 2243 614 2287 actus
644 2229 838 2304 componitur
865 2230 907 2287 sic
931 2230 1087 2303 intensive,
1111 2233 1246 2306 quando·
1279 2241 1301 2283 lt·
1313 2240 1352 2284 the
1368 2245 1404 2284 act
1417 2246 1442 2284 ot

260 2336 379 2392 cunque
402 2317 553 2374 videretur
581 2335 675 2373 unum
704 2317 805 2374 album
832 2337 899 2375 cum
925 2317 995 2388 alio,
1025 2337 1058 2374 ex
1081 2317 1247 2375 visionibus
1262 2292 1464 2400 ιῃῑέἧξῗνζὴζξῃς,

218 2421 365 2462 roeorum
390 2404 474 2462 lieret
497 2421 557 2461 una
581 2403 742 2460 intensior:
777 2406 858 2479 quod
886 2418 931 2460 est
958 2403 1142 2478 inpossibile,
1176 2404 1247 2480 quia
1279 2398 1439 2496 'hssgffffi'ssem

260 2505 332 2550 tunc
364 2492 603 2566 apprehenderet
636 2509 700 2548 esse
731 2509 824 2548 unum
864 2492 989 2566 duplum
1027 2491 1175 2548 intensive
1208 2493 1246 2548 ad
1257 2505 1466 2562 infinireryrnrense

260 2579 437 2636 utrumlibet
460 2577 594 2649 illorum,
619 2579 785 2635 secundum
811 2578 1014 2636 intencionem
1033 2591 1128 2650 actus,
1152 2591 1181 2635 et
1204 2558 1466 2666 sicslssjssgeacssfflg

260 2665 411 2723 infinitum
436 2665 554 2723 intensa
577 2665 655 2722 foret
678 2664 761 2737 visio,
791 2665 921 2723 videndo
950 2667 1154 2740 quodcunque
1182 2663 1460 2779 uni-hffigfigpneguaqlv

261 2753 370 2824 forme;
404 2752 488 2810 cuius
511 2752 685 2827 oppositum
710 2752 891 2826 experimur,
916 2772 984 2810 cum
1010 2752 1139 2809 visiones
1166 2770 1248 2809 srmr-
1289 2767 1438 2823 impressum.

219 2839 334 2897 ailiam
362 2857 393 2896 se
417 2839 616 2898 confundunt.
640 2841 677 2896 Et
700 2839 799 2913 prima
815 2838 1036 2915 consequencia
1052 2838 1170 2896 videtur
1194 2857 1250 2913 per

261 2928 327 2999 hoc,
360 2928 443 3002 quod
475 2927 513 2984 ad
546 2944 668 2984 omnem
702 2940 846 3001 punctum
881 2926 997 2984 cerebri
1025 2926 1075 2983 ubi
1105 2939 1149 2984 est
1172 2944 1248 2983 vrsro

260 3013 349 3072 unius
373 3013 517 3090 visorum,
541 3027 585 3071 est
602 3012 676 3070 visio
693 3012 913 3089 cuiuscunque:
938 3027 1039 3092 igitur,
1064 3032 1132 3070 cum
1156 3031 1248 3070 omne

260 3115 363 3159 natum
388 3099 427 3159 sit
451 3099 593 3176 componi
618 3100 763 3158 intensive
791 3119 825 3158 ex
852 3102 973 3172 talibus,
1001 3100 1137 3175 sequitur
1165 3101 1247 3175 quod

261 3207 353 3245 unum
378 3187 572 3262 componitur
595 3205 629 3244 ex
652 3187 773 3248 talibus.

219 3281 251 3331 30
303 3274 459 3345 Similiter,
482 3273 507 3332 si
531 3274 605 3332 visio
629 3273 667 3331 sit
691 3293 737 3332 res
761 3275 897 3332 absolute
922 3287 1052 3349 extensa,
1075 3288 1148 3332 tunc
1173 3292 1246 3348 que·
1266 3292 1375 3336 {tvislon
1391 3293 1411 3336 ts
1425 3306 1454 3337 an

1261 3345 1373 3388 extended
1388 3347 1463 3400 thing,

259 3360 331 3418 libet
358 3379 428 3436 pars
455 3360 656 3437 quantitative
683 3361 774 3435 primi
802 3362 847 3419 sui
875 3361 1003 3419 subiecti
1030 3361 1246 3419 informaretur
1256 3397 1273 3439 i,
1287 3398 1307 3440 is
1321 3399 1462 3441 coextendea

260 3461 344 3522 parte
376 3448 432 3518 sui,
465 3462 494 3506 et
526 3467 594 3506 vere
626 3447 875 3506 denominaretur
897 3449 1014 3516 videns,
1043 3461 1071 3505 et
1095 3466 1149 3523 per
1173 3449 1463 3554 ‘⁰¹¹'ii'iii'2iiiiiiiich

313 3675 343 3720 ι8.
359 3677 408 3720 MS.
423 3689 438 3728 4
452 3677 476 3720 in
490 3688 568 3730 marg.
625 3687 658 3730 ²7·
675 3675 724 3720 trs.
737 3661 842 3730 omipro
857 3688 934 3719 omne.
989 3674 1024 3719 30.
1041 3675 1089 3718 MS.
1105 3674 1115 3718 5
1130 3676 1153 3720 in
1168 3687 1246 3732 marg.

314 3801 353 3854 ι8.
370 3800 511 3854 Similiter.
530 3801 588 3852 The
606 3802 658 3851 line
677 3801 708 3851 ol
720 3800 840 3868 Wyclil's
853 3811 991 3867 argument
1010 3816 1073 3851 runs
1092 3800 1166 3851 thus:
1186 3800 1245 3851 The

260 3883 299 3922 act
316 3871 347 3921 ol
362 3870 440 3937 sight,
459 3886 487 3921 as
505 3872 557 3921 itis
576 3871 677 3921 elicited
697 3872 724 3921 in
742 3886 791 3922 our
809 3870 890 3938 brein,
908 3871 982 3936 gives
1001 3886 1031 3920 us
1050 3885 1199 3921 awnreness
1217 3871 1248 3920 ol

259 3939 304 3992 the
322 3941 414 3992 colour
432 3957 502 4003 seen,
521 3941 727 4008 independently
746 3941 776 3990 of
796 3941 829 3989 its
847 3941 909 3990 size.
937 3941 1057 4004 Suppose
1081 3940 1133 3991 this
1152 3941 1246 3990 colour

260 4021 287 4060 to
305 4012 338 4062 be
356 4025 371 4060 a
389 4009 469 4061 white
488 4010 603 4072 suriace;
627 4010 691 4060 euch
714 4011 788 4076 point
810 4008 865 4059 that
888 4011 909 4059 is
929 4008 1008 4059 white
1030 4025 1095 4074 goes
1117 4021 1146 4060 to
1168 4010 1245 4060 make

260 4095 294 4146 up
306 4080 351 4130 the
365 4081 487 4148 intensity
500 4079 531 4129 ol
541 4079 592 4130 this
605 4094 761 4130 nivareness.
780 4080 846 4128 Now
860 4078 882 4128 il
892 4080 910 4128 it
923 4094 992 4128 were
1006 4079 1085 4146 really
1099 4081 1243 4144 composed

260 4149 290 4200 ol
314 4150 442 4200 intensive
469 4160 550 4216 parts,
578 4148 642 4200 each
670 4151 744 4214 point
771 4147 815 4216 (of
836 4147 922 4198 which
950 4147 1023 4198 there
1047 4150 1068 4198 is
1092 4164 1123 4198 nn
1146 4147 1244 4199 infinite

260 4219 407 4282 multitude)
436 4219 613 4285 contributing
635 4233 649 4268 a
673 4221 769 4270 certain
794 4219 915 4283 intensity
938 4228 966 4267 to
989 4216 1034 4267 the
1058 4229 1106 4285 act,
1133 4217 1186 4268 this
1204 4228 1245 4268 act

261 4289 347 4340 would
360 4289 393 4338 be
406 4286 533 4356 infinitely
547 4290 655 4340 intense.
674 4289 716 4339 To
730 4289 792 4340 each
806 4289 879 4352 point
891 4286 964 4337 there
978 4288 1068 4338 would
1082 4289 1243 4352 correspond

260 4373 274 4408 a
297 4359 391 4409 certain
416 4359 544 4408 intensive
568 4369 632 4424 part.
663 4387 694 4396 -
722 4359 781 4409 The
804 4358 965 4408 adversaries
989 4357 1077 4406 would
1102 4374 1137 4406 no
1161 4357 1243 4407 doubt

259 4443 362 4478 answer
378 4427 434 4478 that
452 4427 496 4478 the
515 4429 637 4496 intensity
661 4429 827 4478 contributed
847 4427 880 4493 by
899 4426 962 4476 each
983 4428 1057 4490 point
1079 4426 1110 4475 of
1125 4427 1168 4475 the
1187 4442 1243 4475 sur·

260 4497 315 4548 lece
333 4500 355 4548 is
373 4495 500 4565 infinitely
520 4499 604 4551 small.

1125 4597 1137 4629 2
