3362 5476
244 625 311 676 cur.
326 627 355 672 11.
566 631 612 681 oa
631 630 780 682 acrinus
799 630 917 681 aulus.
1402 634 1459 695 99=

244 805 343 868 potest
367 810 441 852 esse.
481 791 573 866 Igitur
601 791 771 867 cuicunque
793 791 958 850 intellectui
987 791 1029 850 sic
1057 793 1227 870 experiecto

245 893 288 938 est
310 879 383 938 satis
406 893 512 937 notum
538 882 620 955 quod
643 879 759 937 nonsit
781 880 922 954 possibile
937 879 1015 937 nihil
1030 899 1104 940 esse.
1128 883 1228 940 Minor
1259 885 1365 943 Nothing
1378 899 1421 931 ⁶⁸1¹

244 967 300 1026 sic:
332 967 357 1024 si
389 967 464 1025 nihil
488 980 586 1026 est-et
610 969 708 1025 adbuc
732 967 847 1044 aliquid
876 981 976 1043 potest
1004 986 1078 1048 esse,
1111 969 1227 1046 aliquid
1256 940 1429 1056 ssiffl'itiiif

244 1069 344 1132 potest
366 1075 419 1130 per
443 1075 474 1113 se
497 1058 594 1114 solum
617 1057 715 1113 facere
730 1055 872 1131 seipsum.
900 1058 1031 1114 Ponatur
1048 1056 1128 1116 euim
1146 1060 1227 1135 quod
1247 1046 1436 1144 οέξεοξζζζδῇἶῖῃ

220 1143 320 1200 §nihil
352 1143 399 1212 sit,
433 1157 462 1202 et
495 1147 578 1220 quod
610 1143 641 1200 in
665 1145 681 1200 b
705 1141 827 1201 instanti
851 1143 951 1219 primo
974 1143 1012 1201 sit
1036 1145 1161 1220 aliquid.
1184 1110 1253 1204 ¹Sip
1303 1111 1318 1155 p
1421 1113 1444 1156 y,

244 1231 336 1306 igitur
360 1232 455 1290 multa
478 1244 549 1290 tunc
573 1244 669 1300 erunt,
692 1231 739 1288 vel
763 1244 851 1289 erunt
874 1231 1015 1290 ordinata
1034 1233 1116 1308 quod
1132 1253 1227 1291 unum

244 1319 297 1376 liat
319 1321 357 1376 ab
380 1318 441 1376 alio
464 1321 507 1392 (et
529 1319 571 1377 sic
588 1321 693 1377 eadem
711 1332 755 1376 est
775 1319 920 1394 primum)
946 1321 989 1377 vel
1014 1320 1117 1378 omnia
1141 1334 1228 1379 erunt

244 1406 462 1482 inpertiuencia
485 1407 561 1479 aliis,
585 1408 631 1465 vel
655 1407 752 1464 solum
777 1426 872 1464 unum
896 1407 963 1465 erit.
998 1411 1035 1464 Et
1059 1410 1228 1483 quomodo·
1246 1440 1282 1490 yet
1297 1446 1332 1477 we
1347 1435 1429 1480 should

243 1513 362 1570 cunque
390 1493 438 1567 sit,
471 1495 683 1552 deducendum
712 1508 756 1551 est
779 1497 817 1552 ad
842 1497 900 1552 hoc
923 1496 1005 1571 quod
1033 1494 1148 1569 aliquid
1172 1487 1443 1553 erithavetosuppose

1264 1545 1287 1582 al
1301 1540 1360 1583 least
1373 1553 1418 1583 one

203 1581 342 1657 roprimo
366 1600 419 1656 per
442 1600 483 1644 se,
517 1583 607 1652 Quod
630 1600 711 1656 pono
735 1583 799 1639 fore
821 1602 857 1652 a,·
879 1596 908 1638 et
932 1595 1014 1657 patet
1038 1585 1120 1657 quod
1144 1581 1227 1658 prius
1253 1592 1303 1654 bein
1335 1593 1430 1648 making

243 1683 287 1726 est
318 1688 335 1725 α
366 1687 453 1744 posse
485 1687 548 1726 esse
584 1687 674 1744 quam
709 1688 727 1725 o
761 1687 832 1742 esse,
866 1688 935 1726 cum
968 1668 1005 1726 sit
1048 1669 1228 1744 coruptibile
1271 1645 1409 1753 ἰξξῖῑὲἑᾞῗζ

243 1756 432 1830 contingens.
471 1760 508 1813 Et
551 1775 604 1830 per
646 1774 833 1831 consequens
870 1755 1011 1832 potencia
1047 1776 1075 1828 a,
1113 1776 1172 1854 qua
1210 1750 1439 1845 ‘'uitiiseifisbtie

242 1855 437 1918 potestesse,
470 1843 645 1918 precedite
669 1861 747 1914 esse3
782 1857 811 1901 et
843 1863 910 1901 cum
944 1844 996 1902 illa
1024 1857 1164 1918 potencia
1192 1842 1228 1900 sit
1243 1853 1311 1908 being
1326 1861 1350 1896 ro
1365 1854 1442 1898 which

242 1929 423 2005 posteriusa
444 1930 578 1988 essencia
602 1929 649 1988 cui
673 1930 761 2002 inest,
794 1931 931 2006 sequitur
951 1932 1070 2006 quoda
1094 1931 1228 2006 precedit
1272 1906 1405 2014 'iceliiiief

202 2017 420 2076 15naturaliter
452 2018 596 2092 seipsum.
634 2021 671 2074 Et
700 2017 749 2075 hic
778 2018 855 2076 foret
883 2017 1033 2075 instancia
1055 2017 1226 2075 Aristotelis

241 2104 501 2180 (8⁰phisicorum,
526 2106 562 2162 de
586 2103 762 2180 incepcione
787 2105 903 2176 mundi)
927 2103 1106 2173 insolubilis,
1133 2123 1226 2180 quare

242 2190 272 2248 in
298 2211 358 2249 uno
382 2192 506 2249 instanti
530 2191 676 2266 inciperet
699 2211 716 2248 α
741 2211 814 2263 esse,
844 2206 873 2249 et
896 2211 958 2250 non
981 2191 1011 2248 in
1035 2211 1225 2267 quocunque,

242 2297 310 2336 curn
345 2298 405 2336 non
438 2291 537 2355 potest
570 2279 642 2354 poni
669 2280 807 2337 voluntas
840 2279 936 2336 libera
959 2279 1005 2336 vel
1037 2278 1140 2353 aliqua
1167 2277 1227 2337 alia

242 2384 332 2424 causa
360 2365 539 2424 naturaliter
567 2369 755 2428 antecedens.
794 2369 831 2422 Et
859 2385 912 2441 per
938 2365 1017 2422 idern
1042 2384 1225 2440 corumpeus

199 2470 273 2510 rose
297 2453 472 2512 immediate
500 2472 554 2528 per
581 2472 622 2526 se,
651 2453 795 2511 continue
822 2465 1015 2528 corumperet
1042 2471 1088 2522 se;
1122 2465 1150 2510 et
1178 2452 1226 2510 hic

242 2553 319 2598 esset
352 2531 537 2616 querendum
572 2542 608 2599 de
641 2543 708 2612 deo,
746 2539 845 2616 posita
880 2539 1055 2614 incepcione
1087 2539 1224 2598 omnium

242 2647 343 2686 rerum
368 2628 399 2686 in
421 2647 439 2684 a
463 2627 597 2689 instanti.
622 2631 659 2686 Et
683 2627 725 2686 sic
749 2631 785 2685 de
810 2628 912 2685 multis
935 2626 1010 2684 aliis.

286 2717 317 2772 ln
350 2729 466 2772 tanturn
500 2715 579 2773 enim
613 2715 741 2773 credidit
773 2734 851 2772 unus
884 2714 1002 2772 subtilis
1034 2713 1149 2790 logicus
1177 2713 1225 2772 isti
1270 2724 1406 2787 Thuscae

242 2801 389 2877 opinioni,
413 2802 484 2878 quia
508 2803 581 2860 dixit
605 2801 680 2859 mihi
705 2801 853 2878 quidlibet
876 2821 964 2878 posse
985 2820 1049 2860 esse
1066 2805 1155 2860 deum
1173 2820 1226 2876 per
1237 2778 1442 2883 Ηῗῆξξὲἧᾞὲ,

200 2890 457 2964 ricorupcionem
489 2889 695 2964 cuiuscunque
724 2889 901 2965 superioris:
935 2903 964 2946 et
992 2889 1035 2947 sic
1060 2892 1150 2948 credo
1174 2908 1225 2964 po·
1288 2882 1387 2937 logiam

1260 2936 1360 2991 actually
1374 2936 1421 2979 told

242 2991 326 3034 neret
343 2979 433 3035 deum
456 2976 626 3050 negativum
652 2991 681 3035 et
705 2997 797 3034 unum
820 2977 1032 3053 inanimatum,
1055 2978 1226 3052 dependens
1289 3000 1326 3049 me
1343 2988 1399 3050 mm¹

243 3065 280 3122 ab
312 3063 437 3121 infinitis
470 3064 536 3138 ipso
569 3064 732 3139 prioribus,
766 3067 867 3124 deum.
906 3067 943 3120 Et
968 3082 1071 3124 revera
1101 3082 1226 3138 magnus
1238 3040 1445 3146 ξξὲἐῐᾞὲἕρᾞξιξξ

242 3169 334 3226 sopor
357 3166 400 3208 est
424 3151 453 3208 in
475 3151 578 3208 animo
595 3151 638 3210 sic
655 3152 796 3209 dicentis!
821 3151 1022 3226 Ymaginatur
1041 3151 1122 3209 enim
1144 3152 1226 3226 quod
1255 3146 1425 3253 iihiiffiii

1237 3250 1292 3293 than
1307 3250 1370 3293 ilself
1381 3261 1442 3292 were

1272 3302 1370 3346 reduced
1386 3309 1410 3346 ro

1283 3354 1393 3410 nothing;

243 3421 320 3516 ipsuiir
333 3408 383 3452 MS.
404 3410 521 3464 cxpiecco.
588 3407 607 3452 5.
628 3409 678 3454 MS.
700 3415 721 3452 cl
739 3420 785 3464 pro
807 3408 835 3452 sit
856 3405 938 3463 before
957 3407 1053 3463 aliquid.
1120 3418 1155 3462 ²7·
1177 3406 1225 3450 MS.

312 3603 335 3638 a.
356 3587 430 3638 Satis
442 3593 543 3638 nolum.
563 3589 687 3650 Because,
706 3587 728 3636 if
743 3585 852 3652 nothing
864 3601 934 3636 were
949 3585 1070 3650 possible,
1088 3582 1141 3633 this
1155 3580 1225 3632 affir-

243 3657 341 3708 mation
369 3657 458 3707 would
488 3658 594 3722 destroy
622 3658 654 3706 its
682 3672 743 3706 own
771 3655 927 3722 possibility.
1004 3653 1041 3704 16.
1066 3651 1226 3704 Insolubilis.

243 3725 388 3778 Aristolle’s
412 3734 550 3792 argument
568 3726 706 3790 (so-called
726 3725 838 3776 because
859 3726 878 3773 it
897 3727 919 3774 is
931 3723 997 3772 hard
1017 3739 1048 3772 so
1067 3725 1180 3786 answer)
1200 3723 1226 3771 in

243 3797 335 3847 favour
357 3795 388 3846 of
403 3795 448 3846 the
467 3796 577 3862 eternity
601 3795 632 3845 of
651 3795 695 3845 the
714 3795 807 3858 world,
829 3794 907 3844 when
927 3794 1043 3860 stripped
1067 3792 1098 3842 of
1118 3793 1150 3841 its
1173 3801 1225 3841 ter·

242 3867 386 3932 minology,
409 3881 472 3916 runs
493 3865 562 3928 thus,
585 3866 636 3914 and
662 3865 805 3916 resembles
825 3863 945 3931 Wyclif's
964 3870 1103 3928 argument
1121 3877 1136 3911 a
1153 3861 1225 3927 good

242 3937 312 3987 deal:
332 3935 356 3986 lf
371 3935 415 3986 the
432 3935 517 3986 world
536 3935 631 4000 begua,
650 3936 669 3985 it
688 3934 772 3999 began
792 3945 850 3984 ata
873 3933 970 3984 certain
989 3934 1085 3982 instant
1108 3931 1139 3981 of
1154 3933 1225 3980 time.

243 4005 265 4056 lf
279 4005 332 4056 this
349 4021 405 4054 was
423 4004 468 4054 the
489 4005 554 4071 first
573 4006 677 4067 instant,
700 4003 774 4054 there
793 4019 848 4052 was
872 4019 906 4052 no
926 4017 984 4052 now
1006 4001 1097 4052 before
1120 4002 1147 4062 it,
1174 4000 1225 4050 and

240 4075 284 4125 the
304 4074 386 4125 world
406 4089 460 4124 was
480 4075 588 4124 eternal.
606 4073 630 4124 lf
646 4083 693 4123 not
710 4073 754 4124 the
774 4071 829 4122 first
845 4074 948 4132 instant,
967 4071 1029 4122 then
1048 4072 1120 4132 time,
1139 4067 1225 4119 which

242 4145 263 4194 is
282 4145 328 4196 but
347 4145 486 4194 measured
511 4154 670 4206 movement,
694 4144 793 4194 existed
816 4141 907 4193 before
930 4140 1003 4192 there
1021 4155 1076 4190 was
1099 4140 1227 4206 anything

245 4214 300 4265 that
323 4213 399 4266 could
423 4229 511 4264 move.
541 4214 578 4263 St.
596 4211 716 4264 Thomas
740 4212 830 4263 shows
851 4211 908 4262 that
929 4211 1053 4261 Aristotle
1077 4209 1139 4258 here
1163 4209 1226 4272 begs

241 4283 286 4334 the
298 4284 422 4350 question
435 4283 521 4348 (Sum.
535 4293 604 4334 cont.
623 4283 699 4334 Gent.
717 4283 733 4331 Ι.
756 4298 793 4344 ιι,
807 4298 829 4332 c.
844 4280 897 4348 36.)
977 4282 1017 4331 23.
1036 4278 1102 4328 'lhis
1126 4278 1227 4328 subtilis

242 4355 353 4422 logicas,
377 4352 502 4404 whoever
524 4353 558 4404 he
582 4367 642 4420 may
660 4352 728 4402 have
747 4352 822 4414 been,
846 4350 897 4401 had
918 4350 1019 4401 arrived
1048 4351 1073 4398 in
1100 4347 1141 4398 his
1163 4362 1226 4396 own

242 4439 300 4491 way
327 4434 353 4474 at
379 4422 423 4473 the
448 4423 618 4474 conclusione
644 4422 674 4473 of
695 4421 739 4471 the
764 4421 879 4472 German
899 4417 1122 4471 Transcendental
1142 4415 1227 4482 philo·

241 4493 352 4560 sophera
372 4521 403 4530 -
423 4507 455 4542 an
474 4492 634 4557 impersonal
648 4491 717 4553 God,
738 4492 837 4558 always
855 4490 1003 4554 becoming.
1024 4489 1063 4538 He
1076 4495 1146 4538 must
1158 4483 1227 4534 have

241 4563 306 4614 been
326 4578 341 4614 a
359 4573 415 4612 sort
433 4561 464 4612 of
480 4562 571 4626 Hegel,
591 4561 656 4611 bom
678 4561 718 4611 far
737 4560 827 4611 before
847 4559 888 4610 his
907 4561 979 4610 time.

1086 4643 1123 4708 7*
