3404 5386
760 559 929 609 JOHANNIS
948 559 1088 609 WYCLlF
1297 553 1365 597 CAP.
1380 551 1420 594 111.

433 721 588 793 querendo
606 719 734 794 qualiter
750 719 811 794 agit
829 723 943 797 beatus,
960 718 1077 777 dicetur
1093 721 1174 794 quod
1188 716 1422 793 comprehendit

432 807 478 863 vel
501 805 635 863 intuetur
657 808 758 863 deum.

246 903 265 946 1t
280 903 337 946 does
352 911 394 946 not
477 895 585 964 Quoad
617 896 783 951 secundum
817 893 927 950 dicitur
955 896 1036 968 quod
1066 893 1220 951 conclusio
1248 892 1333 949 illata
1360 912 1421 949 non

221 953 308 1007 follow,
326 957 423 999 because
512 979 517 990 ·
743 980 748 991 ·
950 980 955 992 .
1193 980 1199 991 .

286 1010 351 1051 these
434 993 580 1055 sequitur,
605 999 674 1037 nam
700 983 853 1038 obtectum
878 981 1051 1038 beatrficum
1077 982 1128 1038 dat
1152 999 1323 1054 cuicunque
1340 999 1422 1037 crea·

230 1059 409 1206 flilflsdllliln
434 1079 500 1124 ture
512 1068 598 1125 beate
615 1069 715 1126 desua
733 1068 834 1142 gracia
847 1067 1080 1142 beatitudinem,
1093 1080 1122 1124 et
1137 1080 1275 1125 creatura
1288 1065 1422 1142 disponit
1434 1070 1446 1119 5

240 1176 251 1206 Γ

252 1166 411 1218 ee-wttmhat
434 1168 463 1210 et
488 1153 636 1228 disposuit
668 1174 699 1212 se
723 1158 760 1212 ad
785 1156 852 1223 hoc,
886 1154 1034 1213 eliciendo
1062 1155 1137 1212 tales
1165 1169 1259 1212 actus.
1298 1154 1421 1211 Nullum

236 1217 407 1261 manbcatifies
735 1241 769 1253 ··
850 1241 883 1254 ..
1263 1240 1269 1252 .
1314 1240 1320 1252 .
1378 1242 1383 1251 .

232 1268 411 1325 lineatores
434 1254 537 1298 tamen
570 1255 670 1299 actum
705 1244 793 1319 elicit,
821 1262 884 1316 nist
917 1244 954 1300 ad
988 1261 1077 1317 quem
1117 1244 1189 1299 deus
1225 1243 1422 1316 principalius

235 1323 409 1428 ifflscgeffsffie
434 1328 570 1402 graciose
603 1329 743 1400 concitat,
783 1349 851 1386 cum
886 1327 1162 1386 contradiccionem
1198 1327 1311 1386 claudit
1339 1330 1422 1403 quod

299 1426 345 1470 aid.
435 1417 527 1473 homo
552 1415 716 1491 quicquam
741 1417 907 1474 benefaciat
929 1416 993 1473 sine
1017 1416 1119 1490 gracia
1144 1415 1191 1472 dei
1215 1415 1349 1491 speciali.

217 1512 332 1558 whether
349 1515 424 1562 man’s
478 1502 510 1560 Si
534 1517 634 1560 autem
658 1503 784 1561 instetur
808 1507 890 1580 quod
914 1505 1005 1561 homo
1030 1502 1182 1560 concurrit
1198 1503 1364 1561 efficienter
1384 1505 1421 1560 ad
1436 1522 1466 1555 10

243 1573 398 1676 acatfflpffiyffl
435 1609 521 1647 suam
549 1589 809 1649 beatificacionem
839 1591 868 1647 in
897 1590 1046 1648 eliciendo
1071 1602 1184 1663 actum,
1213 1590 1297 1647 sicud
1323 1609 1422 1647 sacra-

231 1670 329 1714 efficient
343 1682 412 1716 cause
436 1690 570 1735 mentum
594 1677 665 1735 facit
694 1678 869 1752 dispositive
896 1678 1040 1752 graciam,
1074 1695 1128 1751 ego
1156 1696 1218 1734 non
1246 1677 1422 1735 contradico

222 1722 424 1822 Ofbll'isssc’altiollo*
435 1763 484 1820 isti
508 1764 614 1824 sensui.
661 1765 811 1840 Utrinque
843 1780 943 1823 tamen
969 1777 1044 1823 esset
1074 1763 1249 1838 inpossibile
1273 1779 1305 1821 ut
1330 1765 1422 1823 beati-

227 1835 285 1870 Μ
301 1828 330 1884 by
343 1828 411 1874 irsett.
435 1852 509 1908 tudo
525 1865 602 1911 esset
619 1866 725 1927 potens
742 1872 796 1927 per
812 1872 842 1910 se
866 1852 1001 1912 existere.
1026 1854 1102 1908 Nam
1128 1853 1185 1909 hoc
1209 1870 1269 1908 non
1293 1851 1423 1909 wifffficit

218 1947 424 1993 Beatiiudeissaid
436 1939 581 2010 animam,
610 1939 747 2014 quamvis
775 1939 917 2014 disponat
941 1943 979 1996 ad
1002 1941 1069 1996 hoc.
1110 1941 1146 1994 Et
1169 1940 1271 2013 quoad
1296 1940 1464 1996 verbum15

218 2008 241 2042 ¹⁰
256 2002 387 2108 llecsffiff
402 2003 424 2045 ³¹¹
436 2027 558 2082 creandi
572 2025 771 2101 implicatum,
797 2027 906 2084 dicitur
923 2028 1006 2102 quod
1030 2025 1189 2100 dupliciter
1213 2025 1362 2100 accipitur
1384 2027 1422 2083 ad

220 2105 340 2201 {ssl{¹ll²¹y
354 2107 421 2201 ‘2³1⁵
435 2112 641 2187 propositum3
665 2133 726 2170 uno
744 2116 836 2171 modo
853 2134 908 2188 pro
926 2111 1130 2188 produccione
1146 2112 1222 2170 entis
1240 2113 1270 2169 in
1286 2113 1422 2171 subiecto

274 2170 367 2213 gcause
395 2161 424 2215 by

241 2209 314 2253 God’s
329 2210 401 2255 direct
436 2202 518 2274 quod
535 2203 689 2275 quondam
708 2201 833 2278 creavit3
850 2215 878 2259 et
895 2201 947 2258 illo
965 2201 1057 2258 modo
1075 2214 1156 2257 creat
1170 2202 1242 2258 deus
1256 2202 1420 2271 tenebram,

231 2263 315 2310 action,
330 2264 408 2306 notin
485 2287 490 2297 ·
589 2287 595 2297 ·
865 2289 870 2300 .
1033 2288 1038 2298 .
1194 2287 1200 2298 .

226 2315 265 2357 the
279 2327 347 2358 sense
361 2316 411 2358 ota
435 2287 572 2344 faciendo
588 2288 671 2345 illam
688 2290 962 2347 individuacronem
976 2282 1077 2370 leuius
1095 2301 1251 2345 materiam
1266 2290 1420 2362 quondam
1448 2291 1476 2340 F.
1490 2289 1536 2341 60·

218 2368 423 2462 suppppcepppgcu
435 2374 555 2432 creavit.
581 2376 640 2433 Sed
662 2378 796 2433 secundo
821 2376 911 2433 modo
936 2375 1046 2432 dicitur
1071 2393 1173 2432 creare
1198 2375 1321 2449 aliquid,
1352 2393 1419 2432 cum
1434 2392 1466 2426 20

238 2471 308 2514 cxisrs
324 2472 402 2532 before
434 2460 505 2518 facit
521 2461 595 2518 illud
616 2464 698 2537 quod
717 2463 799 2520 nulla
823 2483 893 2538 pars
917 2463 981 2520 eius
1003 2464 1050 2520 vel
1073 2459 1241 2520 subiectum
1267 2461 1331 2520 eius
1356 2481 1421 2536 pre·

263 2531 374 2570 mmm·
434 2548 499 2625 fuit,
531 2548 615 2605 sicud
643 2549 713 2607 fecit
737 2549 767 2606 in
791 2549 941 2625 principio
966 2548 1070 2606 mundi
1096 2551 1132 2606 de
1161 2548 1287 2606 materia
1311 2548 1420 2623 prima,

434 2649 462 2693 et
495 2636 666 2710 frequenter
698 2639 891 2712 postmodum
925 2639 961 2694 de
989 2635 1148 2694 animabus
1194 2655 1268 2710 quas
1301 2636 1421 2696 creavit.

434 2723 494 2780 Sed
510 2742 565 2796 pro
589 2722 688 2798 primo
712 2726 804 2781 modo
828 2724 960 2795 creandi,
984 2725 1151 2781 notandum
1175 2725 1267 2797 quod,
1291 2723 1315 2779 si
1332 2722 1422 2780 fuerit

434 2809 597 2884 disposicio
613 2809 697 2867 cuius
714 2811 948 2885 produccionem
965 2813 1038 2868 deus
1054 2829 1115 2867 non
1137 2823 1236 2884 potest
1252 2809 1421 2866 communi·
1433 2815 1464 2865 25

435 2916 503 2954 care
524 2910 672 2969 creature,
696 2910 729 2954 ut
752 2911 797 2956 est
819 2898 930 2955 infusio
954 2898 1055 2973 gracie
1070 2899 1116 2954 vel
1140 2897 1244 2971 glorie,
1269 2898 1314 2954 vel
1333 2897 1421 2954 dacio

436 2983 640 3055 beatitudinis,
669 2998 740 3042 tunc
768 2985 938 3059 specialiter
967 2984 1076 3044 dicitur
1105 2986 1178 3042 deus
1203 3003 1305 3042 creare
1328 2985 1419 3042 talem

225 3083 268 3126 Ἰ1η
288 3083 398 3126 rhisfirst
435 3070 682 3146 disposicionem:
710 3091 771 3129 non
799 3072 842 3129 sic
870 3074 951 3147 quod
981 3075 1053 3130 deus
1078 3084 1177 3146 potest
1204 3072 1294 3128 talem
1320 3071 1421 3145 dispo-

230 3135 410 3242 εῑῖξζῗξπῗξᾷς
435 3158 579 3216 siciouem
604 3158 702 3233 primo
727 3179 780 3233 per
803 3179 834 3217 se
858 3171 969 3229 creare,
995 3173 1023 3217 et
1047 3161 1243 3233 postmodum
1265 3157 1421 3216 infundere

240 3239 282 3282 ⁸³⁵
297 3247 402 3284 creature
437 3251 482 3318 (ac
510 3246 535 3302 si
563 3245 630 3321 quis
663 3245 813 3320 liquorem
845 3246 1014 3305 infunderet
1049 3247 1079 3303 in
1111 3245 1335 3320 receptaculum
1368 3265 1421 3320 per
1434 3251 1465 3300 30

219 3292 318 3343 blessed,
334 3292 379 3335 and
395 3293 424 3348 by

251 3344 391 3388 mefactirs
436 3333 614 3410 cannalem),
639 3334 690 3391 sed
715 3335 787 3391 dare
810 3335 900 3391 talem
924 3333 1068 3407 graciam,
1093 3332 1232 3408 gloriam,
1256 3333 1301 3390 vel
1327 3332 1422 3390 beati-

242 3397 398 3503 ,pbslssgffidnem
435 3419 570 3478 tudinem
595 3438 707 3488 creare,
736 3433 780 3478 est
802 3420 901 3495 primo
925 3419 1081 3492 obiective,
1111 3432 1140 3478 et
1165 3419 1263 3494 primo
1287 3418 1421 3477 effective

261 3508 385 3544 enstence.
436 3508 533 3566 facere
558 3520 728 3565 creaturam
757 3509 813 3565 deo
843 3520 971 3581 gratam,
1006 3507 1181 3581 gloriosam,
1215 3507 1261 3564 vel
1290 3508 1420 3564 beatam.

249 3622 390 3676 Thisgross
480 3593 559 3651 Illius
587 3594 668 3652 enim
697 3613 799 3668 grosse
826 3593 1063 3668 ymaginacionis
1086 3594 1142 3651 fuit
1170 3594 1219 3652 ille
1244 3592 1421 3651 maledictus

250 3675 399 3782 3223&er
435 3681 618 3738 simoniacus
635 3683 743 3756 dequo
759 3681 789 3738 in
807 3681 922 3738 actibus
938 3682 1145 3754 apostolorum
1163 3680 1297 3755 capitulo
1313 3694 1420 3738 octavo
1433 3684 1464 3736 35

217 3791 285 3835 grace
299 3779 343 3822 and
359 3780 425 3836 gtory
435 3767 551 3842 legitur,
576 3770 658 3842 quod
682 3768 776 3826 voluit
799 3768 908 3826 emisse
937 3781 1117 3842 potestatem
1143 3770 1361 3842 apostolorum,
1387 3787 1421 3825 ac

222 3832 417 3938 sssssassssffifflssgfi,
435 3854 459 3911 si
491 3856 578 3914 vellet
610 3855 718 3914 emisse
751 3857 883 3912 loculum
917 3856 1038 3929 plenum
1071 3855 1181 3929 gracia,
1215 3868 1243 3913 et
1271 3853 1353 3911 illam
1377 3873 1422 3912 se-

229 3937 412 4041 fflptgsesreessg‘r’g:
436 3945 567 3999 cundum
587 3962 693 4016 parvas
709 3942 926 4018 proporciones
942 3942 1112 4000 vendidisse
1129 3944 1167 3999 ad
1184 3961 1320 4019 usuram,
1337 3940 1421 3998 sicud

219 4029 601 4137 alllssslllgllsypffiemsfi
629 4032 762 4087 vendunt
793 4029 912 4104 sirupos
939 4030 985 4087 vel
1009 4029 1182 4091 electuaria.
1221 4031 1280 4086 Sed
1309 4027 1422 4086 audivit

299 4117 307 4126 “
365 4125 370 4148 t

488 4298 507 4329 2.
524 4285 573 4330 MS.
588 4283 652 4339 after
667 4287 744 4337 deum,
758 4296 825 4327 orare
836 4296 891 4336 very
906 4285 1033 4328 indistinct.
1088 4296 1119 4326 ro.
1135 4283 1185 4328 MS.
1200 4285 1230 4339 9η
1241 4295 1288 4338 pro
1297 4283 1421 4327 concurrit.

437 4336 466 4382 13.
481 4338 531 4384 MS.
546 4338 580 4381 vel
593 4350 639 4393 pro
654 4344 686 4382 ut.
740 4335 772 4380 35.
788 4336 838 4382 MS.
853 4336 944 4380 actibus
959 4336 1060 4391 capitulo
1076 4343 1161 4380 octavo
1175 4337 1346 4392 apostolorum.

489 4484 529 4535 35.
548 4485 630 4534 Actus
649 4485 847 4550 Apostolorum,
866 4483 932 4548 Vlll,
955 4483 1062 4532 18-21.
