3404 5386
754 546 923 598 JOHANNIS
942 546 1082 597 WYCLIF
1288 544 1357 588 CAP.
1371 543 1412 586 111.

428 706 488 764 alio
504 707 700 784 producatur,
724 708 777 764 sed
793 708 865 763 dum
883 705 972 763 fuerit
996 706 1155 780 producta,
1180 718 1252 763 tunc
1275 705 1344 765 ideo
1369 719 1414 763 est

427 793 479 852 illa
495 793 659 870 quantitas,
683 791 755 868 quia
771 806 814 850 est
830 792 1057 870 quantitasque
1081 805 1153 851 tunc
1178 795 1412 868 producebatur.

426 881 514 940 Prior
536 894 639 939 tamen
663 880 820 956 responsio
844 893 888 938 est
913 878 986 937 mihi
1010 879 1206 958 probabilior,
1231 881 1302 956 quia
1326 879 1414 938 aliter

427 989 488 1027 non
521 981 598 1026 esset
630 967 690 1026 alia
718 966 907 1026 illuminacio
936 966 1028 1025 medii
1057 980 1183 1042 propter
1208 966 1413 1026 diversitatem

427 1056 584 1132 temporis,
607 1073 663 1113 nec
679 1054 739 1113 alia
755 1054 909 1131 quantitas
925 1055 971 1111 vel
987 1054 1128 1130 qualitas,
1141 1068 1282 1113 manente
1307 1055 1413 1112 eodem
1427 1057 1440 1110 5

215 1156 267 1201 Tne
283 1166 418 1215 recurrence
429 1144 564 1201 subiecto
588 1156 617 1201 et
641 1141 852 1200 conformitate
875 1143 995 1216 gradus.
1028 1143 1064 1198 Et
1088 1141 1130 1199 sic
1154 1141 1262 1200 dicitur
1285 1141 1321 1199 de
1346 1159 1414 1216 pec·

211 1210 417 1304 nsppqiqqrpeqtsrn
429 1231 503 1289 catis
520 1230 716 1288 redeuntibus
732 1230 815 1305 quod
831 1228 995 1305 qualelibet
1011 1240 1170 1303 peccatum
1191 1241 1291 1304 potest
1315 1227 1414 1286 redire

211 1316 280 1358 times
290 1313 419 1357 ¹¹¹⁸³¹¹⁸fh²
430 1318 509 1375 idem
534 1320 635 1392 quoad
660 1315 840 1388 subiectum,
868 1318 970 1390 quoad
998 1315 1232 1390 pretericionem
1258 1329 1355 1390 actus,
1385 1327 1415 1372 et

162 1403 165 1408 .
218 1377 353 1410 recurrence
368 1367 392 1406 ol
406 1377 420 1406 a

229 1419 330 1462 neusin
346 1417 401 1472 only
430 1407 531 1481 quoad
571 1403 793 1478 obligacionem
833 1404 871 1460 ad
909 1421 1017 1477 penam
1056 1415 1182 1478 propter
1217 1402 1413 1461 omissionem

215 1469 415 1567 ,fl'effssgssnmteffss'ffe
431 1491 613 1567 penitencie;
646 1491 697 1548 sed
725 1509 759 1548 ex
787 1490 837 1547 illa
861 1489 1036 1547 dimissione
1060 1489 1188 1565 insurgit
1211 1509 1323 1547 novum
1348 1509 1415 1565 pec·
1429 1509 1459 1544 to

211 1573 418 1683 glghdeuffiss‘gss
430 1593 531 1637 catum
556 1577 743 1653 omissionis3
768 1590 796 1634 et
820 1576 863 1634 sic
887 1576 993 1652 incipit
1016 1595 1079 1634 esse
1101 1597 1180 1635 nova
1203 1576 1354 1652 obligacio
1377 1577 1416 1634 ad

247 1681 267 1723 is
282 1685 383 1735 present.
430 1685 540 1741 penam
558 1684 667 1724 novam
685 1678 713 1721 et
729 1678 854 1740 propter
871 1677 1029 1738 peccatum
1047 1665 1225 1752 preteritum
1245 1677 1275 1721 et
1290 1678 1415 1740 propter
1430 1723 1432 1727 ,

429 1772 539 1812 novam
563 1752 758 1811 redicionem.

212 1856 244 1909 (6)
258 1853 334 1908 Every
348 1858 385 1895 act
399 1852 419 1894 is
473 1843 519 1897 Ad
543 1853 658 1896 sextum
683 1839 794 1896 dicitur
817 1838 900 1912 quod
924 1836 1024 1894 minor
1048 1852 1091 1895 est
1115 1839 1198 1906 falsa
1223 1857 1291 1896 cum
1316 1837 1415 1896 omnis

219 1906 410 2010 ,ῌῖξξῗξῖζῖῃ
431 1941 515 1985 actus
532 1927 632 1985 anime
649 1925 828 2001 producitur
844 1924 874 1981 in
896 1924 961 1999 ipsa
985 1924 1097 1997 anima,
1122 1940 1155 1982 ut
1178 1926 1329 2000 subiect03
1354 1924 1415 1982 sive
1431 1929 1458 1978 15

229 2010 400 2108 ,plssvesug'geffg
430 2015 468 2072 sit
484 2027 569 2072 actus
586 2015 765 2070 immanens.
791 2017 827 2069 Et
845 2013 888 2069 sic
914 2012 1090 2082 (secundum
1107 2015 1244 2070 nolentes
1268 2012 1415 2088 ampliare

248 2116 385 2159 admitthnt
431 2102 516 2159 illum
539 2102 703 2158 terminum
728 2101 889 2157 terminare
917 2100 977 2171 [ad]
1003 2112 1088 2156 actus
1114 2100 1222 2175 quibus
1246 2101 1416 2175 apprehen·

217 2168 367 2264 Ἧξξζᾚέἓ
381 2178 420 2273 {¹9⁸
431 2189 542 2246 duntur
569 2189 617 2246 vel
646 2200 832 2263 appetuntur
859 2186 910 2245 illa
939 2205 998 2262 que
1025 2205 1088 2244 non
1117 2195 1196 2258 sunt)
1225 2207 1286 2243 non
1311 2186 1414 2244 termi-

213 2271 541 2377 dibiigiseiiiifinnamur
573 2277 611 2333 ad
644 2275 705 2348 illa,
738 2276 790 2332 sed
819 2275 892 2331 deus
920 2273 1065 2331 terminat
1094 2273 1160 2332 illos
1188 2287 1271 2332 actus
1300 2273 1330 2330 in
1358 2275 1416 2331 hoc

237 2376 398 2421 thesenseof
431 2366 512 2439 quod
545 2363 616 2420 facit
639 2362 707 2420 illos
736 2380 800 2420 esse
830 2360 942 2429 finitos,
971 2360 1056 2418 sicud
1083 2362 1227 2419 terminat
1250 2361 1416 2437 quamlibet
1427 2376 1460 2410 20

224 2430 404 2536 αξξνξξῧῗῆξὲ
431 2464 602 2509 creaturam
636 2449 774 2526 quamvis
808 2447 953 2523 equivoce
985 2467 1002 2506 a
1034 2448 1252 2506 terminacione
1281 2467 1334 2523 per
1362 2451 1415 2505 ob-

226 2533 405 2641 ‘Qaffiss'ss'ff
431 2538 552 2596 iectum.
577 2537 635 2594 Alii
659 2550 759 2595 autem
786 2535 889 2593 dicunt
913 2540 994 2606 (cum
1018 2535 1127 2610 quibus
1151 2555 1213 2593 non
1231 2540 1312 2609 ego),
1334 2534 1417 2609 quod

222 2640 396 2736 delgprqyinqqeb
432 2639 517 2684 actus
548 2624 729 2683 terminatur
762 2625 800 2681 ad
832 2623 907 2679 illud
940 2625 1022 2698 quod
1054 2642 1115 2680 non
1148 2636 1192 2680 est
1226 2641 1282 2680 nec
1317 2634 1417 2696 potest

215 2701 504 2837 God,0rsinpiye⁵⁸e·
543 2714 636 2769 Actus
664 2711 756 2786 igitur
784 2709 893 2785 quibus
921 2709 1190 2785 apprehenduntur
1221 2709 1416 2784 intenciones,

214 2797 421 2892 aiiiiiiaetxistm
432 2798 582 2874 potencie,
607 2800 652 2855 vel
676 2798 806 2868 habitus,
836 2798 1039 2855 terminantur
1063 2799 1102 2854 ad
1126 2797 1194 2854 illos
1218 2810 1247 2854 et
1269 2817 1331 2854 non
1355 2795 1460 2854 alii.25

214 2913 268 2957 may
285 2899 420 2944 determine.
475 2888 521 2943 Ad
538 2885 669 2960 primam
687 2884 956 2942 confirmacionem
974 2884 1094 2953 dicitur,
1118 2898 1151 2941 ut
1174 2897 1255 2959 patet
1276 2889 1312 2956 4⁰
1329 2883 1416 2956 libro,

214 2952 514 3048 (⁷)n‘ssnffgfsscssewquod
539 2972 713 3047 inpossibile
737 2984 780 3029 est
805 2971 939 3029 animam
965 2971 1073 3029 elicere
1093 2989 1205 3029 novum
1223 2985 1335 3042 actum,
1360 2969 1417 3028 nisi

227 3057 408 3162 cniigiiiiine
433 3072 600 3119 moveatur.
640 3059 726 3117 Unde
764 3058 802 3116 ad
840 3059 971 3134 primum
1006 3071 1107 3116 actum
1140 3058 1258 3116 volendi
1294 3058 1418 3116 inclinat

227 3161 408 3215 sonnonttnts
431 3146 612 3205 naturaliter
643 3148 756 3204 bonum
782 3145 918 3217 volitum,
951 3145 1022 3221 quia
1055 3146 1154 3220 primo
1186 3145 1325 3203 omnium
1355 3146 1418 3203 vult

218 3213 421 3310 doppapqtpapty
432 3236 524 3291 homo
549 3253 600 3292 ens
624 3252 688 3292 esse
711 3247 781 3292 actu
804 3232 919 3308 elicito,
945 3246 973 3289 et
997 3231 1039 3289 sic
1063 3231 1151 3290 aliter
1174 3251 1205 3290 se
1230 3234 1320 3291 habet
1335 3235 1462 3290 nuncto

221 3317 415 3414 aii⁵s⁰¹e⁰vbivee¹iiity
432 3341 523 3397 quam
553 3334 633 3379 ante.
673 3323 733 3378 Sed
760 3340 821 3378 non
849 3334 969 3396 oportet
993 3322 1076 3395 quod
1100 3339 1178 3377 nova
1209 3338 1255 3377 res
1279 3321 1417 3378 absoluta

431 3407 469 3465 sit
493 3422 645 3484 generata,
669 3408 754 3465 sicud
776 3420 861 3483 patet
884 3413 919 3485 3⁰
944 3408 1021 3464 libro
1046 3421 1176 3465 tractatu
1200 3406 1235 3464 de
1261 3421 1359 3465 motu:
1389 3419 1418 3464 et

431 3495 556 3554 solvitur
578 3494 678 3570 prima
703 3495 875 3552 difficultas.

223 3597 245 3647 b)
259 3597 335 3640 There
349 3602 413 3639 must
474 3584 520 3640 Ad
543 3582 708 3642 secundam
732 3581 841 3639 dicitur
864 3584 946 3656 quod
970 3582 1087 3638 nullum
1111 3600 1203 3657 agens
1226 3593 1326 3655 potest
1347 3593 1417 3638 actu

219 3650 258 3746 ἒξ(
268 3649 420 3756 Ῑζῖἷξζερῇἶζ,
431 3682 606 3728 transeunte
634 3669 802 3728 successivo
830 3667 996 3744 quicquam
1021 3669 1197 3744 producere,
1226 3667 1284 3726 nisi
1307 3669 1460 3726 habeat35

247 3766 260 3798 a
274 3754 389 3809 tendency

430 3941 459 3996 34
481 3889 682 3997 ἤδλέὃὲκεὲαὺνέ
696 3889 720 3933 in
739 3899 819 3944 marg.
874 3901 905 3944 ¹7·
919 3887 969 3932 MS.
985 3887 1014 3932 ad
1029 3887 1101 3932 deest.
1156 3887 1192 3932 26.
1209 3886 1257 3932 MS.
1274 3899 1281 3932 ι
1296 3886 1320 3931 in
1339 3898 1418 3944 marg.

482 4065 506 4115 4.
532 4050 699 4101 Illuminacio
723 4050 811 4101 medii.
836 4048 859 4098 ll
874 4049 940 4115 light
958 4065 1029 4100 were
1052 4065 1085 4099 an
1109 4049 1307 4098 instantaneous
1326 4063 1418 4098 move·

432 4130 512 4189 ment,
539 4120 584 4171 the
611 4119 748 4170 otherness
777 4119 807 4168 ol
823 4119 867 4168 the
891 4120 1068 4169 illumination
1090 4117 1254 4184 throughout
1276 4116 1321 4168 the
1340 4133 1419 4183 space

432 4190 551 4240 between
570 4189 614 4240 the
633 4205 682 4240 sun
702 4191 753 4238 and
771 4189 816 4239 the
836 4189 911 4239 earth
930 4190 1009 4239 could
1029 4198 1075 4239 not
1098 4188 1130 4238 be
1153 4188 1298 4239 accounted
1325 4187 1367 4236 for
1384 4187 1419 4254 by

430 4261 502 4329 time,
532 4261 680 4326 supposing
717 4259 893 4310 illumination
912 4269 939 4308 to
960 4259 992 4309 be
1011 4259 1038 4308 in
1057 4257 1129 4308 itself
1152 4257 1301 4308 indifferent
1322 4266 1350 4307 to
1375 4256 1419 4306 the

432 4331 529 4380 instant
552 4338 578 4380 at
599 4329 687 4380 which
711 4331 730 4380 it
752 4329 816 4378 took
840 4329 921 4394 place.
998 4328 1035 4382 15.
1058 4328 1130 4380 Sive.
1157 4326 1216 4378 The
1240 4328 1337 4378 second
1364 4328 1420 4378 slve

432 4399 530 4465 falling,
548 4399 593 4449 the
612 4409 665 4450 text
676 4409 746 4450 must
760 4400 793 4450 be
806 4408 919 4465 cormpt.
938 4400 989 4448 But
1000 4397 1045 4448 the
1058 4413 1135 4450 sense
1148 4397 1225 4448 reads
1237 4398 1298 4448 well
1312 4394 1419 4462 enough

432 4469 454 4518 il
470 4485 511 4520 we
530 4471 625 4537 supply
644 4471 700 4521 sive
719 4470 859 4521 transiens.
