3404 5386
226 587 267 647 5⁰
769 591 939 642 JOHANNlS
957 589 1098 640 WYCLIF
1304 583 1373 630 CAP.
1388 585 1428 628 111.

234 758 257 806 o)
271 755 374 800 whether
389 755 426 799 me
443 745 618 803 dividuandi
635 761 733 823 actus3
757 753 901 822 secunda,
925 751 949 808 si
967 762 1091 826 possunt
1114 747 1193 806 idem
1215 763 1309 825 actus,
1333 767 1430 824 quan·

226 808 431 853 sameindividual
523 833 528 843 ·
623 835 628 846 ·
863 838 868 849 .
929 838 935 850 .
1034 837 1039 848 .

235 870 273 906 act
287 873 328 905 can
344 873 419 904 recur.
443 833 582 890 tumltbet
605 837 783 914 singulares,
807 840 904 895 redrre
928 839 1008 895 idem
1032 856 1063 893 m
1086 854 1222 897 numero.

224 932 406 1027 dipyrnctsare
486 923 594 991 Quoad
627 922 723 998 illum,
756 924 867 982 dicitur
899 927 980 1000 quod
1012 942 1117 982 omnes
1149 937 1233 980 actus
1271 922 1431 980 successivi

223 982 670 1080 ,hediffissffcdeilindividuantur
702 1030 719 1068 a
752 1011 813 1068 suis
846 1012 976 1087 propriis
1008 1010 1150 1069 subiectis
1183 1023 1211 1068 et
1244 1010 1431 1085 temporibus

224 1087 697 1184 Jssglifnssgle'lfffigsmensurantibus,
723 1111 755 1156 ut
779 1113 862 1174 patet
886 1099 993 1174 quinto
1017 1098 1214 1174 phisicorum‚
1240 1097 1374 1172 capitulo
1395 1099 1456 1154 dei

234 1201 256 1236 at
270 1193 415 1254 wnicniney
442 1183 559 1242 unitate
583 1198 694 1256 motuS,
718 1185 769 1242 ubi
794 1186 905 1243 dicitur
921 1188 1003 1261 quod
1025 1187 1062 1244 ad
1079 1184 1225 1242 unitatem
1243 1185 1429 1242 numeralem

256 1259 295 1289 ΜΘ
309 1245 399 1288 “¹¹⁰¹“d'
444 1283 544 1327 motus
569 1271 733 1346 requiritur
756 1273 855 1331 unitas
878 1273 1044 1330 numeralis
1068 1271 1195 1329 subiecti
1219 1285 1248 1329 et
1271 1271 1371 1346 spatii,
1403 1285 1431 1327 et

264 1368 314 1411 Tne
329 1379 393 1410 same
443 1358 599 1433 temporis
625 1361 722 1432 Unde,
746 1360 884 1434 quamvis
908 1360 939 1416 in
964 1361 1070 1417 eodem
1089 1373 1233 1433 ,tempore
1257 1358 1337 1415 idem
1354 1371 1431 1415 esset

229 1426 426 1520 maqpvpeqqnqhd
444 1445 678 1520 multiplicatum
712 1446 760 1504 hic
791 1461 819 1505 et
852 1451 956 1516 Rome,
990 1437 1162 1505 adhucillo
1189 1459 1271 1503 moto
1295 1445 1432 1503 localiter

267 1524 389 1620 {ffofflmgg
442 1532 519 1589 foret
536 1533 612 1590 alius
630 1546 728 1590 motus
746 1533 793 1592 hic
818 1549 846 1592 et
863 1535 938 1592 alius
955 1534 1006 1608 ibi,
1024 1535 1098 1591 situs
1121 1547 1221 1591 autem
1246 1551 1308 1589 non
1331 1545 1430 1607 potest
1446 1553 1475 1586 ιο

224 1619 649 1694 differenttatedbymultiplicari.
690 1623 733 1678 De
757 1635 825 1678 actu
851 1635 952 1679 autem
976 1640 1095 1678 summe
1118 1620 1320 1691 instantaneo,
1349 1632 1431 1694 patet

224 1683 430 1727 thedifferencetn
550 1707 555 1717 ·
604 1707 639 1718 .·
842 1709 847 1720 .
958 1708 963 1719 .
1001 1709 1007 1720 .
1382 1706 1388 1717 .

224 1749 305 1792 space:
320 1709 523 1781 tinccaanOd
549 1709 755 1765 individuatur
778 1711 818 1765 ab
841 1722 976 1778 instantt,
1000 1723 1042 1766 tta
1066 1709 1148 1783 quod
1169 1702 1173 1790 l
1194 1727 1255 1764 non
1280 1719 1357 1765 esset
1380 1705 1431 1763 rlle
1455 1712 1484 1765 F.
1499 1711 1532 1760 62

230 1789 526 1895 pssgelsnssffl'actus
558 1794 583 1850 si
616 1794 646 1850 in
675 1795 734 1851 alio
767 1795 891 1853 instanti
917 1810 992 1853 esset
1016 1795 1131 1853 elicitus
1160 1799 1196 1853 de
1220 1808 1289 1852 actu
1313 1813 1431 1869 perma-

267 1894 308 1935 but
323 1893 387 1947 place
441 1896 541 1941 nente.
575 1881 693 1938 Dicitur
716 1885 798 1957 quod
821 1903 882 1940 non
907 1882 1114 1941 individuatur
1137 1902 1154 1939 a
1177 1896 1324 1956 tempore,
1348 1880 1429 1956 quia,

280 1950 374 2040 cpqntqt.
441 1987 625 2044 quocunque
662 1968 788 2027 instanti
827 1968 975 2045 temporis
1009 1973 1090 2046 dato,
1128 1970 1178 2026 ille
1213 1983 1297 2027 actus
1331 1976 1473 2042 potest15

240 2051 418 2156 ἑξξζῗῖᾗᾞζῌζ
443 2075 564 2113 manere
589 2056 653 2113 sine
677 2056 743 2129 illo;
767 2059 820 2113 sed
844 2057 969 2132 quilibet
992 2057 1061 2114 talis
1082 2056 1309 2130 [in]dividuatur
1326 2074 1359 2112 ex
1375 2074 1430 2111 suo

223 2153 420 2301 nqpffppelpgqt'eqh
423 2213 431 2248 t
441 2143 577 2200 subiecto
601 2144 648 2201 vel
671 2144 791 2201 obiecto
816 2146 862 2201 vel
885 2145 991 2202 saltem
1017 2145 1239 2219 equevalenter,
1264 2156 1292 2200 et
1317 2161 1349 2199 ex
1373 2144 1430 2198 hoc

234 2261 285 2316 by,
304 2258 418 2319 „mm
441 2233 523 2305 quod
548 2243 591 2287 est
615 2232 660 2287 vel
685 2231 740 2287 fuit
757 2231 788 2288 in
805 2231 858 2288 tali
874 2231 998 2289 instanti
1015 2245 1185 2306 generatus
1211 2232 1306 2301 Unde,
1331 2229 1430 2304 posito

233 2309 417 2414 ¹¹¹Wg¹c¹gfjrf¹¹⁸l
440 2318 521 2392 quod
553 2317 633 2374 idem
666 2318 834 2376 subiectum
869 2318 990 2376 eliceret
1022 2319 1096 2376 duos
1130 2332 1214 2376 actus
1254 2320 1289 2374 de
1324 2316 1429 2372 eodem

252 2428 280 2459 or
295 2415 362 2469 begin
377 2421 400 2457 to
439 2405 558 2463 obiecto
591 2404 756 2463 secundum
791 2408 917 2464 eandem
952 2406 1118 2478 racionem,
1154 2424 1248 2462 unum
1283 2403 1366 2478 prius
1402 2416 1430 2459 et
1442 2426 1474 2459 20

287 2479 364 2510 ⁰⁰⁰⁰*
439 2492 532 2549 alium
566 2493 724 2571 posterius,
770 2508 799 2551 et
831 2506 996 2569 utrumque
1040 2505 1278 2568 permanentem,
1331 2491 1430 2547 adhuc

439 2579 572 2636 differret
604 2599 682 2650 unus
716 2600 732 2637 a
765 2582 857 2637 relico
891 2599 944 2655 per
976 2582 1035 2637 hoc
1063 2582 1146 2656 quod
1177 2592 1245 2636 sunt
1270 2591 1355 2635 actus
1379 2577 1430 2651 qui

438 2665 469 2722 in
502 2667 626 2724 diversis
656 2667 841 2725 instantibus
869 2668 1056 2742 inceperunt.
1096 2670 1133 2724 Et
1161 2666 1229 2723 ideo
1257 2663 1430 2722 notabiliter

439 2754 602 2828 loquuntur
635 2754 677 2811 illi
710 2755 762 2829 qui
796 2774 864 2812 cum
890 2755 1018 2812 Porfirio
1042 2754 1146 2812 dicunt
1171 2755 1251 2828 quod
1281 2751 1431 2827 principia

439 2842 485 2898 vel
502 2840 696 2898 condiciones
708 2841 942 2918 individuantes,
959 2861 1034 2916 quas
1045 2842 1199 2898 Avicenna
1215 2854 1301 2898 vocat
1317 2857 1430 2913 appen-
1442 2845 1472 2896 25

439 2927 533 2984 dicias
568 2928 700 2993 materie,
733 2941 801 2984 sunt
826 2930 872 2986 hic
904 2943 932 2986 et
965 2949 1055 2986 nunc:
1091 2927 1120 2984 id
1155 2942 1207 3001 est,
1240 2926 1378 2984 ubicacio
1402 2939 1430 2982 et

229 3026 254 3068 tn
269 3026 370 3086 generat,
385 3027 423 3068 me
441 3014 640 3090 quandalitas.
664 3017 799 3090 Tempus
823 3030 923 3073 autem
949 3029 977 3072 et
1001 3016 1076 3072 situs
1099 3034 1153 3091 per
1170 3034 1200 3072 se
1218 3026 1430 3071 mensurantur

240 3078 411 3173 ffilfflffissigf,
440 3101 504 3159 sine
542 3102 745 3160 accidentibus
784 3103 841 3160 illis
875 3103 1090 3171 inherentibus
1130 3121 1147 3159 a
1181 3101 1289 3177 quibus
1324 3100 1430 3158 indivi-

222 3182 616 3261 arelheh‘'seln‘lduarentur,
650 3189 721 3264 quia
755 3190 842 3247 aliter
875 3204 951 3247 esset
979 3209 1139 3264 processus
1167 3188 1198 3246 in
1221 3187 1374 3245 infinitum
1400 3187 1430 3243 in

222 3236 429 3287 menomtbracts.

256 3288 399 3331 Substances
441 3276 598 3351 principiis
613 3276 832 3336 individuandi.
851 3277 1029 3334 Substancie
1041 3291 1142 3334 autem
1157 3293 1336 3351 quecunque
1348 3293 1429 3331 com·
1442 3281 1474 3332 30

242 3340 413 3434 cqqstrtqqnpnpf
441 3363 537 3438 posite
562 3382 594 3420 cx
620 3364 747 3422 materia
776 3379 805 3421 et
828 3366 926 3422 forma
951 3364 1176 3420 individuantur
1205 3382 1237 3420 ex
1262 3361 1324 3418 suis
1348 3361 1429 3435 prin-

223 3446 537 3551 ..allrhniile'isyclpfib
571 3450 685 3508 scilicet
718 3470 751 3508 ex
785 3451 911 3509 materia
943 3466 972 3508 et
1004 3452 1111 3518 forma,
1145 3464 1174 3507 et
1207 3449 1377 3524 specialiter
1405 3446 1429 3504 si

224 3552 288 3603 born,
298 3562 325 3593 or
334 3538 572 3644 opineirquelibet
596 3538 756 3614 singularis
782 3538 909 3596 materia
932 3539 970 3595 sit
994 3538 1051 3595 illis
1068 3537 1274 3613 accidentalis,
1297 3552 1369 3592 tunc
1385 3535 1430 3591 in·

245 3606 319 3645 forms
334 3614 410 3644 ΗΜ·
441 3625 634 3683 dividuantur
658 3646 675 3684 a
699 3626 760 3683 suis
784 3626 897 3686 formis.
922 3629 958 3683 Et
984 3625 1109 3682 materia
1137 3643 1205 3681 cum
1230 3625 1327 3680 forma
1352 3621 1429 3679 indi-

441 3712 602 3770 viduantur
631 3732 663 3770 ex
691 3732 731 3784 se,
765 3714 807 3770 sic
835 3715 916 3788 quod
946 3732 1008 3769 non
1031 3711 1068 3769 sit
1092 3712 1217 3768 ulterius
1246 3710 1472 3785 principium35

247 3812 301 3854 And
317 3810 370 3854 God
385 3811 405 3853 is
441 3799 651 3858 individuandi
684 3813 785 3874 preter
816 3820 885 3857 suas
914 3814 1014 3874 partes
1042 3801 1088 3856 vel
1117 3800 1216 3858 deum.
1255 3800 1320 3872 lpse
1349 3796 1428 3853 enim

225 3866 274 3906 also
289 3865 339 3906 that
353 3863 448 3906 which·
498 3887 533 3898 ··
1054 3887 1060 3898 .

249 3916 406 3959 individuares
442 3887 608 3944 rndrvrduat
626 3906 747 3944 omnem
766 3907 828 3945 rem
847 3901 1014 3958 cassatam,
1038 3901 1114 3944 sicut
1131 3900 1159 3943 et
1175 3904 1296 3942 omnem
1314 3886 1427 3941 bonum

245 3980 313 4024 every
329 3968 404 4021 being.

493 4121 515 4162 9.
531 4109 580 4153 tts.
596 4119 664 4152 torno
676 4120 722 4163 pro
737 4107 816 4150 Rome.
873 4109 905 4152 16.
921 4107 970 4152 MS.
986 4107 1008 4150 in
1024 4107 1094 4150 deest.
1150 4107 1181 4150 25.
1197 4105 1246 4152 tls.
1262 4112 1337 4148 amm.

495 4250 535 4283 21.
561 4236 772 4286 Permanentem.
792 4233 894 4300 Wyclif
913 4235 935 4282 is
953 4233 1080 4298 speaking
1099 4233 1130 4281 of
1150 4233 1347 4281 instantaneous
1367 4239 1428 4281 acts.

442 4305 492 4354 But
515 4305 673 4354 Scholastics
697 4305 731 4353 do
754 4314 800 4353 not
819 4305 978 4353 understand
1003 4303 1036 4369 by
1061 4305 1161 4353 instant
1180 4303 1243 4368 only
1266 4301 1310 4350 the
1333 4301 1429 4349 instant

442 4374 473 4422 of
489 4375 560 4440 time,
579 4375 626 4424 but
644 4374 699 4422 also
717 4374 761 4423 the
781 4375 904 4424 duration
923 4374 954 4424 of
970 4389 1002 4422 an
1017 4372 1185 4438 unchanging
1198 4380 1246 4431 act,
1267 4370 1354 4420 which
1367 4384 1428 4436 may

442 4445 475 4493 be
499 4445 650 4509 equivalent
672 4452 699 4492 to
721 4460 736 4494 a
760 4458 822 4510 very
844 4445 909 4508 long
930 4445 994 4493 time
1013 4441 1095 4492 God's
1119 4442 1228 4508 etemity
1251 4442 1273 4490 is
1292 4440 1375 4490 called
1395 4455 1427 4488 an

443 4515 546 4579 instant,
566 4515 678 4564 because
697 4516 737 4563 He
755 4513 803 4563 has
822 4530 858 4564 no
877 4515 1024 4565 successive
1043 4522 1096 4563 acts
1115 4512 1145 4562 ol
1160 4509 1279 4576 thought,
